%YAML 1.1
%TAG !u! tag:unity3d.com,2011:
--- !u!114 &-6159283045580536242
MonoBehaviour:
  m_ObjectHideFlags: 1
  m_CorrespondingSourceObject: {fileID: 0}
  m_PrefabInstance: {fileID: 0}
  m_PrefabAsset: {fileID: 0}
  m_GameObject: {fileID: 0}
  m_Enabled: 1
  m_EditorHideFlags: 0
  m_Script: {fileID: 11500000, guid: 030f85c3f73729f4f976f66ffb23b875, type: 3}
  m_Name: AnimationPlayableAsset
  m_EditorClassIdentifier: 
  m_Clip: {fileID: 7400000, guid: e47fb150c93dacb40a1319447d451601, type: 2}
  m_Position: {x: 103.36, y: 31.4, z: 60.41}
  m_EulerAngles: {x: 0, y: -50.559, z: 0}
  m_UseTrackMatchFields: 1
  m_MatchTargetFields: 63
  m_RemoveStartOffset: 1
  m_ApplyFootIK: 1
  m_Loop: 0
  m_Version: 1
  m_Rotation: {x: 0, y: 0, z: 0, w: 1}
--- !u!114 &-5504902558994616097
MonoBehaviour:
  m_ObjectHideFlags: 1
  m_CorrespondingSourceObject: {fileID: 0}
  m_PrefabInstance: {fileID: 0}
  m_PrefabAsset: {fileID: 0}
  m_GameObject: {fileID: 0}
  m_Enabled: 1
  m_EditorHideFlags: 0
  m_Script: {fileID: 11500000, guid: 8b22792c3b570444eb18cb78c2af3a74, type: 3}
  m_Name: Audio Track
  m_EditorClassIdentifier: 
  m_Version: 3
  m_AnimClip: {fileID: 0}
  m_Locked: 0
  m_Muted: 0
  m_CustomPlayableFullTypename: 
  m_Curves: {fileID: 0}
  m_Parent: {fileID: 11400000}
  m_Children: []
  m_Clips:
  - m_Version: 1
    m_Start: 0
    m_ClipIn: 0
    m_Asset: {fileID: 3821207570500415517}
    m_Duration: 64.75755102040816
    m_TimeScale: 1
    m_ParentTrack: {fileID: -5504902558994616097}
    m_EaseInDuration: 0
    m_EaseOutDuration: 0
    m_BlendInDuration: -1
    m_BlendOutDuration: -1
    m_MixInCurve:
      serializedVersion: 2
      m_Curve:
      - serializedVersion: 3
        time: 0
        value: 0
        inSlope: 0
        outSlope: 0
        tangentMode: 0
        weightedMode: 0
        inWeight: 0
        outWeight: 0
      - serializedVersion: 3
        time: 1
        value: 1
        inSlope: 0
        outSlope: 0
        tangentMode: 0
        weightedMode: 0
        inWeight: 0
        outWeight: 0
      m_PreInfinity: 2
      m_PostInfinity: 2
      m_RotationOrder: 4
    m_MixOutCurve:
      serializedVersion: 2
      m_Curve:
      - serializedVersion: 3
        time: 0
        value: 1
        inSlope: 0
        outSlope: 0
        tangentMode: 0
        weightedMode: 0
        inWeight: 0
        outWeight: 0
      - serializedVersion: 3
        time: 1
        value: 0
        inSlope: 0
        outSlope: 0
        tangentMode: 0
        weightedMode: 0
        inWeight: 0
        outWeight: 0
      m_PreInfinity: 2
      m_PostInfinity: 2
      m_RotationOrder: 4
    m_BlendInCurveMode: 0
    m_BlendOutCurveMode: 0
    m_ExposedParameterNames: []
    m_AnimationCurves: {fileID: 0}
    m_Recordable: 0
    m_PostExtrapolationMode: 0
    m_PreExtrapolationMode: 0
    m_PostExtrapolationTime: 0
    m_PreExtrapolationTime: 0
    m_DisplayName: ytmp3freecc-the-breaking-of-the-fellowship-feat-in-dreams-youtubemp3freeorg_FAFOJQxm
  m_Markers:
    m_Objects: []
  m_TrackProperties:
    volume: 1
    stereoPan: 0
    spatialBlend: 0
--- !u!114 &-4475744771116297193
MonoBehaviour:
  m_ObjectHideFlags: 1
  m_CorrespondingSourceObject: {fileID: 0}
  m_PrefabInstance: {fileID: 0}
  m_PrefabAsset: {fileID: 0}
  m_GameObject: {fileID: 0}
  m_Enabled: 1
  m_EditorHideFlags: 0
  m_Script: {fileID: 11500000, guid: d21dcc2386d650c4597f3633c75a1f98, type: 3}
  m_Name: Animation Track
  m_EditorClassIdentifier: 
  m_Version: 3
  m_AnimClip: {fileID: 0}
  m_Locked: 0
  m_Muted: 0
  m_CustomPlayableFullTypename: 
  m_Curves: {fileID: 0}
  m_Parent: {fileID: 11400000}
  m_Children: []
  m_Clips:
  - m_Version: 1
    m_Start: 35.233333333333334
    m_ClipIn: 0
    m_Asset: {fileID: -6159283045580536242}
    m_Duration: 6.666666666666667
    m_TimeScale: 1
    m_ParentTrack: {fileID: -4475744771116297193}
    m_EaseInDuration: 0
    m_EaseOutDuration: 0
    m_BlendInDuration: -1
    m_BlendOutDuration: 0.9166666666666217
    m_MixInCurve:
      serializedVersion: 2
      m_Curve:
      - serializedVersion: 3
        time: 0
        value: 0
        inSlope: 0
        outSlope: 0
        tangentMode: 0
        weightedMode: 0
        inWeight: 0
        outWeight: 0
      - serializedVersion: 3
        time: 1
        value: 1
        inSlope: 0
        outSlope: 0
        tangentMode: 0
        weightedMode: 0
        inWeight: 0
        outWeight: 0
      m_PreInfinity: 2
      m_PostInfinity: 2
      m_RotationOrder: 4
    m_MixOutCurve:
      serializedVersion: 2
      m_Curve:
      - serializedVersion: 3
        time: 0
        value: 1
        inSlope: 0
        outSlope: 0
        tangentMode: 0
        weightedMode: 0
        inWeight: 0
        outWeight: 0
      - serializedVersion: 3
        time: 1
        value: 0
        inSlope: 0
        outSlope: 0
        tangentMode: 0
        weightedMode: 0
        inWeight: 0
        outWeight: 0
      m_PreInfinity: 2
      m_PostInfinity: 2
      m_RotationOrder: 4
    m_BlendInCurveMode: 0
    m_BlendOutCurveMode: 0
    m_ExposedParameterNames: []
    m_AnimationCurves: {fileID: 0}
    m_Recordable: 0
    m_PostExtrapolationMode: 1
    m_PreExtrapolationMode: 1
    m_PostExtrapolationTime: 0
    m_PreExtrapolationTime: 35.233333333333334
    m_DisplayName: AgacharseRezar
  - m_Version: 1
    m_Start: 40.98333333333338
    m_ClipIn: 0
    m_Asset: {fileID: 1527287660268796745}
    m_Duration: 5.400000000000002
    m_TimeScale: 1
    m_ParentTrack: {fileID: -4475744771116297193}
    m_EaseInDuration: 0
    m_EaseOutDuration: 0
    m_BlendInDuration: 0.9166666666666217
    m_BlendOutDuration: 3.0333333333333314
    m_MixInCurve:
      serializedVersion: 2
      m_Curve:
      - serializedVersion: 3
        time: 0
        value: 0
        inSlope: 0
        outSlope: 0
        tangentMode: 0
        weightedMode: 0
        inWeight: 0
        outWeight: 0
      - serializedVersion: 3
        time: 1
        value: 1
        inSlope: 0
        outSlope: 0
        tangentMode: 0
        weightedMode: 0
        inWeight: 0
        outWeight: 0
      m_PreInfinity: 2
      m_PostInfinity: 2
      m_RotationOrder: 4
    m_MixOutCurve:
      serializedVersion: 2
      m_Curve:
      - serializedVersion: 3
        time: 0
        value: 1
        inSlope: 0
        outSlope: 0
        tangentMode: 0
        weightedMode: 0
        inWeight: 0
        outWeight: 0
      - serializedVersion: 3
        time: 1
        value: 0
        inSlope: 0
        outSlope: 0
        tangentMode: 0
        weightedMode: 0
        inWeight: 0
        outWeight: 0
      m_PreInfinity: 2
      m_PostInfinity: 2
      m_RotationOrder: 4
    m_BlendInCurveMode: 0
    m_BlendOutCurveMode: 0
    m_ExposedParameterNames: []
    m_AnimationCurves: {fileID: 0}
    m_Recordable: 0
    m_PostExtrapolationMode: 1
    m_PreExtrapolationMode: 1
    m_PostExtrapolationTime: 0
    m_PreExtrapolationTime: 0
    m_DisplayName: Standing
  - m_Version: 1
    m_Start: 43.35000000000005
    m_ClipIn: 0
    m_Asset: {fileID: -34266261349478227}
    m_Duration: 15.50000000000001
    m_TimeScale: 1
    m_ParentTrack: {fileID: -4475744771116297193}
    m_EaseInDuration: 0
    m_EaseOutDuration: 0
    m_BlendInDuration: 3.0333333333333314
    m_BlendOutDuration: 0.016666666666608876
    m_MixInCurve:
      serializedVersion: 2
      m_Curve:
      - serializedVersion: 3
        time: 0
        value: 0
        inSlope: 0
        outSlope: 0
        tangentMode: 0
        weightedMode: 0
        inWeight: 0
        outWeight: 0
      - serializedVersion: 3
        time: 1
        value: 1
        inSlope: 0
        outSlope: 0
        tangentMode: 0
        weightedMode: 0
        inWeight: 0
        outWeight: 0
      m_PreInfinity: 2
      m_PostInfinity: 2
      m_RotationOrder: 4
    m_MixOutCurve:
      serializedVersion: 2
      m_Curve:
      - serializedVersion: 3
        time: 0
        value: 1
        inSlope: 0
        outSlope: 0
        tangentMode: 0
        weightedMode: 0
        inWeight: 0
        outWeight: 0
      - serializedVersion: 3
        time: 1
        value: 0
        inSlope: 0
        outSlope: 0
        tangentMode: 0
        weightedMode: 0
        inWeight: 0
        outWeight: 0
      m_PreInfinity: 2
      m_PostInfinity: 2
      m_RotationOrder: 4
    m_BlendInCurveMode: 0
    m_BlendOutCurveMode: 0
    m_ExposedParameterNames: []
    m_AnimationCurves: {fileID: 0}
    m_Recordable: 0
    m_PostExtrapolationMode: 1
    m_PreExtrapolationMode: 1
    m_PostExtrapolationTime: 0
    m_PreExtrapolationTime: 0
    m_DisplayName: WalkingFINAL
  - m_Version: 1
    m_Start: 58.83333333333346
    m_ClipIn: 0
    m_Asset: {fileID: -1276118959477775409}
    m_Duration: 5.6
    m_TimeScale: 1
    m_ParentTrack: {fileID: -4475744771116297193}
    m_EaseInDuration: 0
    m_EaseOutDuration: 0
    m_BlendInDuration: 0.016666666666608876
    m_BlendOutDuration: -1
    m_MixInCurve:
      serializedVersion: 2
      m_Curve:
      - serializedVersion: 3
        time: 0
        value: 0
        inSlope: 0
        outSlope: 0
        tangentMode: 0
        weightedMode: 0
        inWeight: 0
        outWeight: 0
      - serializedVersion: 3
        time: 1
        value: 1
        inSlope: 0
        outSlope: 0
        tangentMode: 0
        weightedMode: 0
        inWeight: 0
        outWeight: 0
      m_PreInfinity: 2
      m_PostInfinity: 2
      m_RotationOrder: 4
    m_MixOutCurve:
      serializedVersion: 2
      m_Curve:
      - serializedVersion: 3
        time: 0
        value: 1
        inSlope: 0
        outSlope: 0
        tangentMode: 0
        weightedMode: 0
        inWeight: 0
        outWeight: 0
      - serializedVersion: 3
        time: 1
        value: 0
        inSlope: 0
        outSlope: 0
        tangentMode: 0
        weightedMode: 0
        inWeight: 0
        outWeight: 0
      m_PreInfinity: 2
      m_PostInfinity: 2
      m_RotationOrder: 4
    m_BlendInCurveMode: 0
    m_BlendOutCurveMode: 0
    m_ExposedParameterNames: []
    m_AnimationCurves: {fileID: 0}
    m_Recordable: 0
    m_PostExtrapolationMode: 1
    m_PreExtrapolationMode: 1
    m_PostExtrapolationTime: Infinity
    m_PreExtrapolationTime: 0
    m_DisplayName: Petting
  m_Markers:
    m_Objects: []
  m_InfiniteClipPreExtrapolation: 0
  m_InfiniteClipPostExtrapolation: 0
  m_InfiniteClipOffsetPosition: {x: 0, y: 0, z: 0}
  m_InfiniteClipOffsetEulerAngles: {x: 0, y: 0, z: 0}
  m_InfiniteClipTimeOffset: 0
  m_InfiniteClipRemoveOffset: 0
  m_InfiniteClipApplyFootIK: 1
  mInfiniteClipLoop: 0
  m_MatchTargetFields: 63
  m_Position: {x: 0, y: 0, z: 0}
  m_EulerAngles: {x: 0, y: 0, z: 0}
  m_AvatarMask: {fileID: 0}
  m_ApplyAvatarMask: 1
  m_TrackOffset: 0
  m_InfiniteClip: {fileID: 0}
  m_OpenClipOffsetRotation: {x: 0, y: 0, z: 0, w: 1}
  m_Rotation: {x: 0, y: 0, z: 0, w: 1}
  m_ApplyOffsets: 0
--- !u!114 &-3589589005852996378
MonoBehaviour:
  m_ObjectHideFlags: 1
  m_CorrespondingSourceObject: {fileID: 0}
  m_PrefabInstance: {fileID: 0}
  m_PrefabAsset: {fileID: 0}
  m_GameObject: {fileID: 0}
  m_Enabled: 1
  m_EditorHideFlags: 0
  m_Script: {fileID: 11500000, guid: 90fb794a295e73545af71bcdb7375791, type: 3}
  m_Name: CinemachineShot
  m_EditorClassIdentifier: 
  DisplayName: 
  VirtualCamera:
    exposedName: 31229be9ed5332d4dbb1a95c1b481c24
    defaultValue: {fileID: 0}
--- !u!114 &-3501106228376757543
MonoBehaviour:
  m_ObjectHideFlags: 1
  m_CorrespondingSourceObject: {fileID: 0}
  m_PrefabInstance: {fileID: 0}
  m_PrefabAsset: {fileID: 0}
  m_GameObject: {fileID: 0}
  m_Enabled: 1
  m_EditorHideFlags: 0
  m_Script: {fileID: 11500000, guid: 05acc715f855ced458d76ee6f8ac6c61, type: 3}
  m_Name: Cinemachine Track
  m_EditorClassIdentifier: 
  m_Version: 3
  m_AnimClip: {fileID: 0}
  m_Locked: 0
  m_Muted: 0
  m_CustomPlayableFullTypename: 
  m_Curves: {fileID: 0}
  m_Parent: {fileID: 11400000}
  m_Children: []
  m_Clips:
  - m_Version: 1
    m_Start: 35.233333333333334
    m_ClipIn: 0
    m_Asset: {fileID: 7965198770642299772}
    m_Duration: 3.083333333333407
    m_TimeScale: 1
    m_ParentTrack: {fileID: -3501106228376757543}
    m_EaseInDuration: 0
    m_EaseOutDuration: 0
    m_BlendInDuration: -1
    m_BlendOutDuration: -1
    m_MixInCurve:
      serializedVersion: 2
      m_Curve:
      - serializedVersion: 3
        time: 0
        value: 0
        inSlope: 0
        outSlope: 0
        tangentMode: 0
        weightedMode: 0
        inWeight: 0
        outWeight: 0
      - serializedVersion: 3
        time: 1
        value: 1
        inSlope: 0
        outSlope: 0
        tangentMode: 0
        weightedMode: 0
        inWeight: 0
        outWeight: 0
      m_PreInfinity: 2
      m_PostInfinity: 2
      m_RotationOrder: 4
    m_MixOutCurve:
      serializedVersion: 2
      m_Curve: []
      m_PreInfinity: 2
      m_PostInfinity: 2
      m_RotationOrder: 4
    m_BlendInCurveMode: 0
    m_BlendOutCurveMode: 0
    m_ExposedParameterNames: []
    m_AnimationCurves: {fileID: 0}
    m_Recordable: 0
    m_PostExtrapolationMode: 0
    m_PreExtrapolationMode: 0
    m_PostExtrapolationTime: 0
    m_PreExtrapolationTime: 0
    m_DisplayName: CM vcam1
  - m_Version: 1
    m_Start: 38.31666666666675
    m_ClipIn: 0
    m_Asset: {fileID: -3589589005852996378}
    m_Duration: 26.11666666666667
    m_TimeScale: 1
    m_ParentTrack: {fileID: -3501106228376757543}
    m_EaseInDuration: 0
    m_EaseOutDuration: 0
    m_BlendInDuration: -1
    m_BlendOutDuration: -1
    m_MixInCurve:
      serializedVersion: 2
      m_Curve: []
      m_PreInfinity: 2
      m_PostInfinity: 2
      m_RotationOrder: 4
    m_MixOutCurve:
      serializedVersion: 2
      m_Curve:
      - serializedVersion: 3
        time: 0
        value: 1
        inSlope: 0
        outSlope: 0
        tangentMode: 0
        weightedMode: 0
        inWeight: 0
        outWeight: 0
      - serializedVersion: 3
        time: 1
        value: 0
        inSlope: 0
        outSlope: 0
        tangentMode: 0
        weightedMode: 0
        inWeight: 0
        outWeight: 0
      m_PreInfinity: 2
      m_PostInfinity: 2
      m_RotationOrder: 4
    m_BlendInCurveMode: 0
    m_BlendOutCurveMode: 0
    m_ExposedParameterNames: []
    m_AnimationCurves: {fileID: 0}
    m_Recordable: 0
    m_PostExtrapolationMode: 0
    m_PreExtrapolationMode: 0
    m_PostExtrapolationTime: 0
    m_PreExtrapolationTime: 0
    m_DisplayName: CM vcam2
  - m_Version: 1
    m_Start: 0
    m_ClipIn: 0
    m_Asset: {fileID: -2108355570999393344}
    m_Duration: 35.233333333333334
    m_TimeScale: 1
    m_ParentTrack: {fileID: -3501106228376757543}
    m_EaseInDuration: 0
    m_EaseOutDuration: 0
    m_BlendInDuration: -1
    m_BlendOutDuration: -1
    m_MixInCurve:
      serializedVersion: 2
      m_Curve:
      - serializedVersion: 3
        time: 0
        value: 0
        inSlope: 0
        outSlope: 0
        tangentMode: 0
        weightedMode: 0
        inWeight: 0
        outWeight: 0
      - serializedVersion: 3
        time: 1
        value: 1
        inSlope: 0
        outSlope: 0
        tangentMode: 0
        weightedMode: 0
        inWeight: 0
        outWeight: 0
      m_PreInfinity: 2
      m_PostInfinity: 2
      m_RotationOrder: 4
    m_MixOutCurve:
      serializedVersion: 2
      m_Curve:
      - serializedVersion: 3
        time: 0
        value: 1
        inSlope: 0
        outSlope: 0
        tangentMode: 0
        weightedMode: 0
        inWeight: 0
        outWeight: 0
      - serializedVersion: 3
        time: 1
        value: 0
        inSlope: 0
        outSlope: 0
        tangentMode: 0
        weightedMode: 0
        inWeight: 0
        outWeight: 0
      m_PreInfinity: 2
      m_PostInfinity: 2
      m_RotationOrder: 4
    m_BlendInCurveMode: 0
    m_BlendOutCurveMode: 0
    m_ExposedParameterNames: []
    m_AnimationCurves: {fileID: 0}
    m_Recordable: 0
    m_PostExtrapolationMode: 0
    m_PreExtrapolationMode: 0
    m_PostExtrapolationTime: 0
    m_PreExtrapolationTime: 0
    m_DisplayName: CM vcam3
  m_Markers:
    m_Objects: []
--- !u!114 &-2108355570999393344
MonoBehaviour:
  m_ObjectHideFlags: 1
  m_CorrespondingSourceObject: {fileID: 0}
  m_PrefabInstance: {fileID: 0}
  m_PrefabAsset: {fileID: 0}
  m_GameObject: {fileID: 0}
  m_Enabled: 1
  m_EditorHideFlags: 0
  m_Script: {fileID: 11500000, guid: 90fb794a295e73545af71bcdb7375791, type: 3}
  m_Name: CinemachineShot
  m_EditorClassIdentifier: 
  DisplayName: 
  VirtualCamera:
    exposedName: f8488c2c30961c947bbf1414cf5ede69
    defaultValue: {fileID: 0}
--- !u!114 &-1276118959477775409
MonoBehaviour:
  m_ObjectHideFlags: 1
  m_CorrespondingSourceObject: {fileID: 0}
  m_PrefabInstance: {fileID: 0}
  m_PrefabAsset: {fileID: 0}
  m_GameObject: {fileID: 0}
  m_Enabled: 1
  m_EditorHideFlags: 0
  m_Script: {fileID: 11500000, guid: 030f85c3f73729f4f976f66ffb23b875, type: 3}
  m_Name: AnimationPlayableAsset
  m_EditorClassIdentifier: 
  m_Clip: {fileID: 7400000, guid: 50131c96d0406fa4397167c4337ebbd0, type: 2}
  m_Position: {x: 82.08489, y: 31.25, z: 76.67287}
  m_EulerAngles: {x: 0, y: -50.46, z: 0}
  m_UseTrackMatchFields: 1
  m_MatchTargetFields: 63
  m_RemoveStartOffset: 1
  m_ApplyFootIK: 1
  m_Loop: 0
  m_Version: 1
  m_Rotation: {x: 0, y: 0, z: 0, w: 1}
--- !u!114 &-34266261349478227
MonoBehaviour:
  m_ObjectHideFlags: 1
  m_CorrespondingSourceObject: {fileID: 0}
  m_PrefabInstance: {fileID: 0}
  m_PrefabAsset: {fileID: 0}
  m_GameObject: {fileID: 0}
  m_Enabled: 1
  m_EditorHideFlags: 0
  m_Script: {fileID: 11500000, guid: 030f85c3f73729f4f976f66ffb23b875, type: 3}
  m_Name: AnimationPlayableAsset
  m_EditorClassIdentifier: 
  m_Clip: {fileID: 7400000, guid: 219ae86d9a0cbc6418154d49b3a79d25, type: 2}
  m_Position: {x: 103.36, y: 31.4, z: 60.41}
  m_EulerAngles: {x: 0, y: -50.559, z: 0}
  m_UseTrackMatchFields: 1
  m_MatchTargetFields: 63
  m_RemoveStartOffset: 1
  m_ApplyFootIK: 1
  m_Loop: 0
  m_Version: 1
  m_Rotation: {x: 0, y: 0, z: 0, w: 1}
--- !u!114 &11400000
MonoBehaviour:
  m_ObjectHideFlags: 0
  m_CorrespondingSourceObject: {fileID: 0}
  m_PrefabInstance: {fileID: 0}
  m_PrefabAsset: {fileID: 0}
  m_GameObject: {fileID: 0}
  m_Enabled: 1
  m_EditorHideFlags: 0
  m_Script: {fileID: 11500000, guid: bfda56da833e2384a9677cd3c976a436, type: 3}
  m_Name: Erika ArcherTimeline
  m_EditorClassIdentifier: 
  m_Version: 0
  m_Tracks:
  - {fileID: -4475744771116297193}
  - {fileID: -3501106228376757543}
  - {fileID: -5504902558994616097}
  - {fileID: 3631697390036928148}
  m_FixedDuration: 0
  m_EditorSettings:
    m_Framerate: 60
    m_ScenePreview: 1
  m_DurationMode: 0
  m_MarkerTrack: {fileID: 0}
--- !u!114 &1527287660268796745
MonoBehaviour:
  m_ObjectHideFlags: 1
  m_CorrespondingSourceObject: {fileID: 0}
  m_PrefabInstance: {fileID: 0}
  m_PrefabAsset: {fileID: 0}
  m_GameObject: {fileID: 0}
  m_Enabled: 1
  m_EditorHideFlags: 0
  m_Script: {fileID: 11500000, guid: 030f85c3f73729f4f976f66ffb23b875, type: 3}
  m_Name: AnimationPlayableAsset
  m_EditorClassIdentifier: 
  m_Clip: {fileID: 7400000, guid: b3275eb8addb5f7478317b565ff10ccc, type: 2}
  m_Position: {x: 103.36, y: 31.4, z: 60.41}
  m_EulerAngles: {x: 0, y: -50.559, z: 0}
  m_UseTrackMatchFields: 1
  m_MatchTargetFields: 63
  m_RemoveStartOffset: 1
  m_ApplyFootIK: 1
  m_Loop: 0
  m_Version: 1
  m_Rotation: {x: 0, y: 0, z: 0, w: 1}
--- !u!114 &3631697390036928148
MonoBehaviour:
  m_ObjectHideFlags: 1
  m_CorrespondingSourceObject: {fileID: 0}
  m_PrefabInstance: {fileID: 0}
  m_PrefabAsset: {fileID: 0}
  m_GameObject: {fileID: 0}
  m_Enabled: 1
  m_EditorHideFlags: 0
  m_Script: {fileID: 11500000, guid: 8b22792c3b570444eb18cb78c2af3a74, type: 3}
  m_Name: Audio Track (1)
  m_EditorClassIdentifier: 
  m_Version: 3
  m_AnimClip: {fileID: 0}
  m_Locked: 0
  m_Muted: 0
  m_CustomPlayableFullTypename: 
  m_Curves: {fileID: 0}
  m_Parent: {fileID: 11400000}
  m_Children: []
  m_Clips:
  - m_Version: 1
    m_Start: 43.35000000000005
    m_ClipIn: 0
    m_Asset: {fileID: 3973363319318271422}
    m_Duration: 15.500000000000014
    m_TimeScale: 1
    m_ParentTrack: {fileID: 3631697390036928148}
    m_EaseInDuration: 0
    m_EaseOutDuration: 0
    m_BlendInDuration: -1
    m_BlendOutDuration: -1
    m_MixInCurve:
      serializedVersion: 2
      m_Curve:
      - serializedVersion: 3
        time: 0
        value: 0
        inSlope: 0
        outSlope: 0
        tangentMode: 0
        weightedMode: 0
        inWeight: 0
        outWeight: 0
      - serializedVersion: 3
        time: 1
        value: 1
        inSlope: 0
        outSlope: 0
        tangentMode: 0
        weightedMode: 0
        inWeight: 0
        outWeight: 0
      m_PreInfinity: 2
      m_PostInfinity: 2
      m_RotationOrder: 4
    m_MixOutCurve:
      serializedVersion: 2
      m_Curve:
      - serializedVersion: 3
        time: 0
        value: 1
        inSlope: 0
        outSlope: 0
        tangentMode: 0
        weightedMode: 0
        inWeight: 0
        outWeight: 0
      - serializedVersion: 3
        time: 1
        value: 0
        inSlope: 0
        outSlope: 0
        tangentMode: 0
        weightedMode: 0
        inWeight: 0
        outWeight: 0
      m_PreInfinity: 2
      m_PostInfinity: 2
      m_RotationOrder: 4
    m_BlendInCurveMode: 0
    m_BlendOutCurveMode: 0
    m_ExposedParameterNames: []
    m_AnimationCurves: {fileID: 0}
    m_Recordable: 0
    m_PostExtrapolationMode: 0
    m_PreExtrapolationMode: 0
    m_PostExtrapolationTime: 0
    m_PreExtrapolationTime: 0
    m_DisplayName: Pasos Efecto de Sonido (mp3cut.net)
  - m_Version: 1
    m_Start: 58.850000000000065
    m_ClipIn: 0
    m_Asset: {fileID: 4415757366076967842}
    m_Duration: 5.907551020408093
    m_TimeScale: 1
    m_ParentTrack: {fileID: 3631697390036928148}
    m_EaseInDuration: 0
    m_EaseOutDuration: 0
    m_BlendInDuration: -1
    m_BlendOutDuration: -1
    m_MixInCurve:
      serializedVersion: 2
      m_Curve:
      - serializedVersion: 3
        time: 0
        value: 0
        inSlope: 0
        outSlope: 0
        tangentMode: 0
        weightedMode: 0
        inWeight: 0
        outWeight: 0
      - serializedVersion: 3
        time: 1
        value: 1
        inSlope: 0
        outSlope: 0
        tangentMode: 0
        weightedMode: 0
        inWeight: 0
        outWeight: 0
      m_PreInfinity: 2
      m_PostInfinity: 2
      m_RotationOrder: 4
    m_MixOutCurve:
      serializedVersion: 2
      m_Curve:
      - serializedVersion: 3
        time: 0
        value: 1
        inSlope: 0
        outSlope: 0
        tangentMode: 0
        weightedMode: 0
        inWeight: 0
        outWeight: 0
      - serializedVersion: 3
        time: 1
        value: 0
        inSlope: 0
        outSlope: 0
        tangentMode: 0
        weightedMode: 0
        inWeight: 0
        outWeight: 0
      m_PreInfinity: 2
      m_PostInfinity: 2
      m_RotationOrder: 4
    m_BlendInCurveMode: 0
    m_BlendOutCurveMode: 0
    m_ExposedParameterNames: []
    m_AnimationCurves: {fileID: 0}
    m_Recordable: 0
    m_PostExtrapolationMode: 0
    m_PreExtrapolationMode: 0
    m_PostExtrapolationTime: 0
    m_PreExtrapolationTime: 0
    m_DisplayName: Pasos Efecto de Sonido (mp3cut.net)
  m_Markers:
    m_Objects: []
  m_TrackProperties:
    volume: 1
    stereoPan: 0
    spatialBlend: 0
--- !u!114 &3821207570500415517
MonoBehaviour:
  m_ObjectHideFlags: 1
  m_CorrespondingSourceObject: {fileID: 0}
  m_PrefabInstance: {fileID: 0}
  m_PrefabAsset: {fileID: 0}
  m_GameObject: {fileID: 0}
  m_Enabled: 1
  m_EditorHideFlags: 0
  m_Script: {fileID: 11500000, guid: 4f10dd60657c6004587f237a7e90f8e4, type: 3}
  m_Name: AudioPlayableAsset
  m_EditorClassIdentifier: 
  m_Clip: {fileID: 8300000, guid: 16f24ea8ef398d047ac6215f1fdb9c95, type: 3}
  m_Loop: 0
  m_bufferingTime: 0.1
  m_ClipProperties:
    volume: 1
--- !u!114 &3973363319318271422
MonoBehaviour:
  m_ObjectHideFlags: 1
  m_CorrespondingSourceObject: {fileID: 0}
  m_PrefabInstance: {fileID: 0}
  m_PrefabAsset: {fileID: 0}
  m_GameObject: {fileID: 0}
  m_Enabled: 1
  m_EditorHideFlags: 0
  m_Script: {fileID: 11500000, guid: 4f10dd60657c6004587f237a7e90f8e4, type: 3}
  m_Name: AudioPlayableAsset
  m_EditorClassIdentifier: 
  m_Clip: {fileID: 8300000, guid: 4acb7e5766405c2418cc770ff8fbafe6, type: 3}
  m_Loop: 0
  m_bufferingTime: 0.1
  m_ClipProperties:
    volume: 1
--- !u!114 &4415757366076967842
MonoBehaviour:
  m_ObjectHideFlags: 1
  m_CorrespondingSourceObject: {fileID: 0}
  m_PrefabInstance: {fileID: 0}
  m_PrefabAsset: {fileID: 0}
  m_GameObject: {fileID: 0}
  m_Enabled: 1
  m_EditorHideFlags: 0
  m_Script: {fileID: 11500000, guid: 4f10dd60657c6004587f237a7e90f8e4, type: 3}
  m_Name: AudioPlayableAsset
  m_EditorClassIdentifier: 
  m_Clip: {fileID: 8300000, guid: 4acb7e5766405c2418cc770ff8fbafe6, type: 3}
  m_Loop: 0
  m_bufferingTime: 0.1
  m_ClipProperties:
    volume: 1
--- !u!114 &7965198770642299772
MonoBehaviour:
  m_ObjectHideFlags: 1
  m_CorrespondingSourceObject: {fileID: 0}
  m_PrefabInstance: {fileID: 0}
  m_PrefabAsset: {fileID: 0}
  m_GameObject: {fileID: 0}
  m_Enabled: 1
  m_EditorHideFlags: 0
  m_Script: {fileID: 11500000, guid: 90fb794a295e73545af71bcdb7375791, type: 3}
  m_Name: CinemachineShot
  m_EditorClassIdentifier: 
  DisplayName: 
  VirtualCamera:
    exposedName: 50aa8a0ed04f4d645ae36cc16b9ff6a8
    defaultValue: {fileID: 0}
